@article{riess1998,
  title={Observational evidence from supernovae for an accelerating universe and a cosmological constant},
  author={Riess, Adam G and Filippenko, Alexei V and Challis, Peter and Clocchiatti, Alejandro and Diercks, Alan and Garnavich, Peter M and Gilliland, Ron L and Hogan, Craig J and Jha, Saurabh and Kirshner, Robert P and others},
  journal={The astronomical journal},
  volume={116},
  number={3},
  pages={1009},
  year={1998},
  publisher={IOP Publishing}
}

@article{perlmutter1999,
  title={Measurements of $\Omega$ and $\Lambda$ from 42 high-redshift supernovae},
  author={Perlmutter, Saul and Aldering, Goldhaber and Goldhaber, Gerson and Knop, Richard A and Nugent, Peter and Castro, Patricia G and Deustua, Susana and Fabbro, Sebastien and Goobar, Ariel and Groom, Donald E and others},
  journal={The Astrophysical Journal},
  volume={517},
  number={2},
  pages={565},
  year={1999},
  publisher={IOP Publishing}
}

@article{perlmutter2003,
  title={Measuring cosmology with supernovae},
  author={Perlmutter, Saul and Schmidt, Brian P},
  journal={Supernovae and Gamma-Ray Bursters},
  pages={195--217},
  year={2003},
  publisher={Springer}
}

@article{straumann2012,
  title={The 2011 Nobel Prize in Physics},
  author={Straumann, Norbert and Z{\"u}rich, Uni},
  journal={SPG Mitteilungen},
  number={36},
  year={2012}
}

@article{betoule2014,
  title={Improved cosmological constraints from a joint analysis of the SDSS-II and SNLS supernova samples},
  author={Betoule, MEA and Kessler, R and Guy, J and Mosher, J and Hardin, D and Biswas, R and Astier, P and El-Hage, P and Konig, M and Kuhlmann, S and others},
  journal={Astronomy \& Astrophysics},
  volume={568},
  pages={A22},
  year={2014},
  publisher={EDP Sciences}
}
